2114 3660
108 104 985 139 Μ-

77 148 179 235 Dr'es
193 156 243 231 D.
264 154 356 235 XV.
412 160 631 235 Dominarum
652 150 796 265 Officia.
918 160 997 275 263

73 319 381 393 ressuassrbinimis
393 342 479 393 carae
493 316 566 414 effe,
593 324 654 394 Dei
663 339 770 395 autem
782 330 922 415 gloriam
935 326 984 397 ser

72 404 448 497 viquesalutempariam
459 412 579 478 nimis:
600 432 639 477 eo
665 426 777 479 tamen
794 410 866 481 i'unt
882 414 1001 484 Domi-

74 496 110 560 ni
111 495 291 647 oplerique
317 497 460 581 ingenio,
487 506 526 561 ut
546 496 659 584 parim
692 492 808 565 soliciti
821 493 999 585 sintquose

70 598 110 645 m
155 601 179 644 o
209 598 292 667 erga
314 576 421 647 Deum
443 596 558 665 gerant
581 576 664 649 servi
689 577 751 667 sui,
769 584 951 665 necandi·
964 588 997 652 dt

68 665 250 752 impietate
264 658 395 731 munio
415 660 478 733 suae
506 682 713 752 moueantur,
734 661 916 753 &proinde
928 662 996 738 suos
1030 732 1053 750 ,,

67 768 133 816 nec
145 744 324 817 hortentur
334 769 393 817 uec
406 744 616 835 admoneant,
632 748 698 835 quo
708 771 762 817 eos
776 748 818 817 ad
832 752 957 819 uirtute
993 802 1008 843 Α
1023 804 1026 813 .

69 826 228 901 stirnulen
277 829 789 920 utavitiodeterreannoblivisci
805 829 912 901 sanev'
956 856 1047 921 ‚tei-2?

69 932 129 987 tur
157 914 197 1007 hi
288 922 382 1005 mini,
402 915 432 986 ie
454 915 573 987 debere
596 914 768 1005 aliquando
781 913 913 988 familia:
961 918 1001 993 ae'

68 996 318 1093 gubernationis
352 1006 512 1073 rationem
540 1004 612 1073 Deo
638 1004 784 1074 reddere.
834 1002 989 1074 Domino-

70 1108 150 1157 mm
169 1086 326 1173 equidem
351 1092 499 1157 omnium
514 1085 573 1175 est,
594 1086 655 1157 sibi
678 1086 904 1173 iubieiiorum,
925 1088 986 1160 sive
1047 1132 1049 1137 ,

68 1176 260 1245 iniminoris
290 1168 433 1245 ambitio
456 1168 655 1325 famil'pprve
688 1180 809 1260 majore
831 1177 985 1264 infimae,

68 1260 233 1349 pietatem
245 1256 552 1349 promoverezquod
598 1261 688 1327 uvidi
701 1259 782 1343 adeo
793 1258 886 1328 cordi
901 1279 985 1347 erat,
1023 1318 1025 1322 .

66 1358 106 1415 ut
121 1338 242 1433 aperte
251 1340 456 1430 profiteatur,
476 1341 556 1427 Psal.
575 1364 645 1413 101·
656 1365 687 1431 7.
708 1369 764 1413 non
773 1341 925 1413 habitabit
938 1372 981 1413 n-

68 1448 126 1495 tra
142 1427 266 1497 domm
272 1427 499 1516 meamsaciens
508 1425 622 1516 delean,
631 1430 658 1495 lo
677 1452 750 1497 nens
758 1429 918 1499 mendacia
926 1456 984 1499 uon

66 1510 453 1587 dabilietarcoramoculia
461 1514 555 1580 meis:
578 1514 632 1581 Sui
653 1452 708 1602 dut
733 1513 880 1600 videtur)
908 1518 981 1584 offi-

67 1600 116 1667 cri
129 1592 189 1669 effe
201 1594 311 1684 duxit,
330 1618 459 1685 curare,
481 1611 521 1687 ut·
531 1592 654 1667 familia
673 1597 724 1668 sua
735 1597 881 1684 quaedam
893 1599 979 1684 quasi

66 1678 215 1755 Ecclesia
233 1679 322 1769 effet,
351 1700 453 1751 coetus
471 1702 544 1749 nem
568 1703 587 1749 e
606 1680 776 1751 hominum
796 1687 924 1772 piorum
947 1692 979 1753 &

66 1764 241 1855 justorum,
261 1764 347 1851 quod
375 1764 518 1836 sionines
584 1772 665 1836 mini
694 1786 887 1836 conarentur
915 1772 978 1836 effi-

67 1876 157 1943 tete,
180 1867 301 1943 ptaeter
315 1866 473 1921 aeternum
492 1854 620 1940 pietatis
647 1848 707 1921 suae
734 1858 907 1954 proemium
921 1934 929 1945 ,
942 1859 995 1921 in¹

70 1936 250 2029 posterum,
270 1935 459 2035 presentem
480 1941 578 2004 etiam
589 1935 679 2019 huius
694 1934 898 2007 reifruttum
911 1940 971 2007 ier-

66 2038 157 2109 rent,
178 2024 201 2093 i.
212 2043 238 2090 e.
259 2024 424 2090 {pecularia
437 2017 489 2087 sua
502 2026 632 2109 negotia
645 2026 757 2090 meliis
773 2020 977 2093 administra·

66 2124 186 2179 rentur
200 2130 209 2175 ι
230 2111 382 2174 uerenini
400 2103 556 2175 auderent
569 2106 649 2175 serui
662 2111 710 2173 vel
719 2106 971 2195 negligentiduel

66 2188 207 2281 perfidia
220 2212 364 2280 peccare,
388 2188 520 2258 sioffitii
532 2188 577 2259 sui.
592 2193 763 2279 Religione
789 2191 867 2262 bene
887 2190 969 2263 insti·

68 2283 132 2347 tuti
141 2292 342 2347 tenerentur.

111 2384 162 2447 31.
186 2362 234 2429 Ut
244 2376 352 2429 autem
365 2357 469 2429 seruos
478 2356 545 2428 suos
557 2379 689 2428 monere
698 2365 729 2427 dt
742 2365 906 2447 corripere
917 2361 971 2430 de⁰

69 2444 145 2517 beut
159 2444 347 2532 Domini,fic
358 2450 455 2512 etiam
471 2443 510 2512 ad
519 2444 580 2513 hoc
593 2444 796 2535 prudentiam
805 2442 970 2533 adhibere,

70 2548 106 2598 ut
116 2547 265 2620 optatum
278 2526 426 2598 effeiinnr
442 2529 605 2617 struatur,
626 2552 684 2598 nec
695 2528 756 2595 hot
774 2532 818 2594 ira
829 2528 992 2597 arcendos·-

68 2613 196 2701 facere,
218 2614 280 2683 hoc
307 2619 394 2682 enim
413 2614 496 2682 nihil
522 2613 609 2682 aliud
629 2619 662 2681 in
673 2613 766 2683 seruis
776 2605 965 2696 effecturum
994 2678 996 2683 ,

69 2696 127 2787 est,
147 2702 244 2788 quim
259 2703 523 2784 contemptum&
544 2699 654 2767 odium
668 2701 883 2767 Dominorum
898 2696 968 2765 sttu-

68 2806 168 2854 rum:
190 2783 495 2871 sobriis&gi·avibus
517 2782 621 2851 verbis
646 2786 790 2871 increpet
804 2780 899 2853 herus
909 2784 968 2852 ier·
988 2820 991 2825 -

70 2892 158 2956 vum,
181 2888 216 2938 ut
229 2868 322 2937 sunm
332 2874 452 2938 erroris
464 2866 509 2934 sui
519 2866 743 2955 redarguatur,
780 2872 810 2934 ἃ
826 2873 982 2957 increpo-3

72 2958 189 3021 tionem
197 2951 237 3021 ab
250 2951 624 3022 animnernendationem
640 2957 716 3037 ejus,
736 2976 799 3021 non
810 2956 965 3021 ultionem

75 3038 259 3128 meditante,
279 3036 436 3137 proficisci
450 3036 573 3121 i'euuat.

532 3285 551 3355 S
573 3311 596 3375 4
808 3310 854 3365 aa.
884 3287 962 3367 Ter·
