2114 3660
69 94 973 130 ...m

69 156 155 228 Dies
163 154 280 228 Dom.
293 144 353 221 [Π.
412 154 466 223 De
485 134 592 224 Cnnd
612 148 762 218 Domini.
918 158 968 242 67

107 332 157 380 22.
170 306 231 379 Sed
240 303 372 392 objiciet
385 304 489 375 forsan
499 311 625 393 aliquis,
634 304 695 374 hoc

70 392 135 463 lieri
147 398 271 479 nequit,
314 398 371 459 uin
386 398 502 461 animae
517 390 644 459 nuditas
657 396 689 459 dc
731 392 805 459 Non
832 416 948 483 oportet

72 417 528 566 deformimsdsscooperiatur,
541 476 688 561 undepu·
726 480 841 563 pudore
861 480 945 547 deri-

75 564 142 635 dore
161 560 301 633 suffundi
316 561 461 631 homines
474 568 506 627 ἃ
525 562 544 631 ἐι
558 561 688 631 consilio
729 568 806 632 neri.

75 649 122 719 hoc
143 646 372 739 amplestendo
391 646 552 741 deterreri
574 646 685 715 solent.

77 736 125 805 ted
139 736 212 804 huic
224 730 320 803 facile
333 730 379 801 est
393 730 465 801 Res
479 736 613 815 onlum3
645 733 706 803 hoc
722 758 785 801 non
797 733 892 802 debet
910 734 970 805 esse

78 822 150 889 robis
167 817 427 908 impedimento:
458 756 579 887 d‘rino
595 824 683 886 enim
709 818 897 906 deligendus
913 822 969 907 (ut

80 904 222 1003 lippono)
231 902 278 972 est
290 909 342 971 cui
353 901 472 973 secreta
486 904 560 973 tuto
571 910 771 989 committes,
786 904 920 990 ideone
930 908 971 975 ne

80 999 172 1077 palam
182 988 362 1078 ignominid
373 996 496 1058 noteris
504 1013 567 1058 non
582 986 627 1056 est
642 990 864 1059 metuendum.
894 991 970 1059 Atsr

81 1079 151 1146 illius
161 1084 253 1145 unius
266 1073 491 1144 conscientiam
519 1071 724 1161 reformidas,
745 1100 802 1144 nec
823 1076 971 1144 boccum

82 1168 191 1231 ratione
209 1158 286 1229 facis
320 1182 360 1229 en
374 1156 532 1248 supposito
556 1166 641 1227 enim
653 1160 819 1251 qieodpiur
835 1160 884 1249 sit,
907 1184 971 1229 non

84 1246 263 1315 deteriorem
278 1212 329 1313 sed
345 1252 517 1314 meliorem
529 1244 569 1312 de
585 1262 618 1312 te
631 1252 814 1333 opinionem
827 1252 970 1338 concipi-

85 1348 120 1419 et,
135 1332 343 1417 quodanimae
353 1347 461 1399 motus
484 1328 573 1398 tnud
588 1354 662 1399 cum
674 1333 873 1403 solicitudine
883 1357 969 1403 com·

85 1424 167 1507 ponte
198 1420 242 1487 lit
252 1415 321 1487 esto
344 1416 468 1506 pudore
482 1422 613 1505 plenum
630 1417 690 1487 hoc
706 1417 756 1507 sit,
779 1418 801 1487 si
816 1428 924 1489 tamen
938 1426 970 1486 dt

86 1510 166 1571 animi
176 1501 340 1592 aegritudo
350 1509 380 1569 δι
396 1516 562 1591 peccatum
574 1500 634 1570 hoc
649 1506 748 1573 modo
758 1509 890 1575 collatur
921 1504 972 1591 (δι

88 1594 198 1674 utrique
211 1614 278 1657 non
293 1593 411 1656 inutile
425 1582 496 1653 saud
518 1592 583 1654 erit
598 1594 687 1677 pinni
702 1596 733 1657 ἃ
747 1588 841 1657 fidele
850 1589 971 1659 consili-

90 1672 146 1759 un)
163 1678 331 1743 contemni
344 1670 506 1743 debethic
522 1669 637 1762 pudor,
649 1680 681 1741 dc
692 1690 917 1743 contemnetur
928 1674 971 1742 sa-

90 1755 176 1829 udnisr
189 1764 312 1829 animas
332 1756 454 1827 nostras
472 1760 606 1827 minoris
627 1757 861 1827 olliinnremus
876 1782 973 1844 quum

90 1865 130 1912 cor
151 1868 227 1930 orn,
248 1843 373 1912 sienim
402 1865 538 1929 corpora
563 1844 697 1931 morsm,
733 1842 825 1912 foedis
844 1849 921 1912 licet
943 1848 975 1910 de

91 1868 228 2015 prodrosis
250 1928 413 2009 laborent,
443 1927 578 1998 stultum
604 1930 763 1997 censemus
786 1934 840 2013 qui
869 1934 976 2017 perire

91 2021 193 2103 nollet,
214 2015 314 2097 quim
336 2013 486 2082 morbum
503 2014 664 2102 iudictne·7
686 2014 891 2100 taritoiuitur
911 2037 976 2081 ma·

91 2100 124 2181 {ur
135 2108 197 2199 erit
207 2097 260 2169 hic
271 2098 424 2187 stultitia,
439 2097 561 2185 quanto
573 2107 702 2183 mulmis
716 2106 814 2191 pretii
828 2098 899 2169 sunt
909 2105 974 2169 ani·

93 2206 243 2271 naequam
260 2207 408 2270 corpora.

122 2294 166 2357 23.
188 2274 259 2340 Nec
270 2270 437 2339 mehercle
447 2263 551 2335 dubiis
562 2269 688 2336 tantum
701 2270 900 2359 &scrupulis
913 2276 977 2357 agi-

93 2364 151 2425 ntis
163 2358 222 2426 hoc
234 2356 366 2425 consilio
390 2376 467 2443 opus
483 2348 554 2437 est3
581 2353 627 2421 est
653 2361 682 2420 n
698 2356 785 2423 aliud
808 2356 979 2422 hominum
1035 2408 1038 2413 .

94 2462 181 2525 genus,
203 2464 342 2527 quorum
366 2436 566 2530 praefidentia
580 2438 711 2506 morbus
739 2439 798 2524 est,
819 2437 927 2522 quide
946 2460 981 2503 a·

94 2530 235 2597 niniarnm
249 2525 350 2594 salute
365 2528 453 2593 nullo
463 2526 533 2590 nixi
547 2522 759 2592 fundamento
772 2523 875 2591 securi
888 2520 984 2606 sunt3

95 2617 159 2679 utile
170 2612 241 2682 sane
256 2613 306 2680 his
319 2608 407 2691 esset,
428 2608 450 2677 si
465 2608 581 2679 adduci
594 2605 715 2698 possent
742 2629 779 2676 ut
796 2615 828 2676 in
843 2632 877 2676 re
898 2613 984 2676 tanti

94 2705 234 2767 nomenti
244 2697 363 2781 jndices
377 2693 654 2779 admitterentqui
670 2697 800 2777 restius,
814 2717 908 2777 quami
926 2691 982 2783 ipsi

93 2777 288 2887 desesolent²
307 2780 625 2871 pronuntintmismt.
646 2781 731 2848 Tam
743 2786 899 2871 proclives
911 2777 984 2847 saud:

93 2862 181 2936 sumus
194 2874 308 2937 mitius
318 2867 414 2950 qutun
434 2890 491 2955 ptr
505 2863 554 2932 est
569 2865 609 2933 de
628 2864 785 2935 nobismet
808 2866 878 2953 ipsis
893 2863 983 2930 l'enti-

92 2972 129 3039 re,
147 2975 185 3023 ut
201 2978 266 3022 uon
279 2952 451 3021 absurdum
466 2948 542 3018 esset
556 2950 733 3038 siplerique
744 2955 984 3041 praelertiiriru·

91 3034 185 3107 diores
205 3040 323 3107 ducem
351 3035 552 3126 spiritualem
575 3036 790 3122 consulerent,
824 3052 862 3101 ut
886 3031 925 3100 sic
943 3057 986 3100 :n·

90 3122 198 3193 strusli
212 3122 325 3209 iustam
338 3122 379 3190 de
390 3122 420 3187 se
430 3121 620 3189 sententium
637 3119 723 3189 ferre
747 3126 845 3186 valen·
860 3136 873 3183 t
886 3142 893 3184 :
921 3120 988 3184 luc

88 3210 119 3277 ad
136 3211 197 3279 hoc
212 3226 341 3277 tantum
350 3212 440 3275 utilis
449 3205 515 3274 dux
530 3204 716 3358 spiritualier,
737 3204 787 3271 sed
803 3200 913 3271 adhoc
928 3206 985 3267 eti·

86 3318 145 3383 em,
176 3312 215 3364 ut
234 3299 365 3365 monitis
378 3290 836 3447 praeceptinueinstituamur,
857 3283 988 3437 quw

566 3398 587 3447 2
935 3394 951 3436 l
968 3392 995 3434 i-
