2078 3646
11 71 45 116 m
59 71 125 115 non
136 52 232 117 aliter
246 71 282 116 ac
297 50 349 114 ille
364 39 597 133 bacho-nare
608 43 663 110 tub
682 65 768 113 com·

13 156 75 223 pro
84 146 158 204 toto
172 156 289 220 genere
301 131 444 200 humano
454 147 558 218 orato,
572 146 608 195 ut
619 127 773 223 beneficii

10 215 125 287 crificii
144 217 282 302 quilibet
303 222 491 307 participet:
515 211 601 284 statu
613 238 697 299 nque
711 215 768 284 Ec·

10 307 83 373 ¹llius
103 301 264 393 praecipue
280 306 366 385 cuius
390 320 426 370 tu
437 301 621 370 membrum
634 323 678 388 es,
700 301 772 369 Deo

9 387 118 457 iduto:
141 411 199 456 nec
221 406 254 458 te
268 411 381 457 eorum
396 395 500 477 capiat
521 386 641 461 oblivio
658 383 772 470 quibus

10 470 215 560 tiarndebes,
239 471 298 542 five
311 470 460 541 Ecclesrae
480 470 604 560 praesint
622 471 682 543 sive
694 474 771 540 Rei-

11 612 22 647 ‚
40 564 72 625 &
86 555 128 627 src
145 557 294 646 deinceps
312 580 427 647 pergas
447 580 540 627 orare
550 581 610 648 pro
624 563 661 625 iis
695 578 775 643 quos

10 641 140 714 effitudo
167 647 273 727 aliqua
295 642 357 711 tibi
377 647 554 732 conjunxit,
585 649 637 711 vel
653 610 703 712 fua
723 663 774 711 ne·

13 727 161 820 precibus
173 735 236 796 tuis
249 727 456 819 opitulandos
466 725 525 797 effe
539 747 660 816 monet.
690 727 776 795 Tan·

10 836 65 904 pua
84 820 119 882 in
130 834 284 903 pauperes
301 812 356 882 fiat
379 820 525 902 erogatio
546 814 634 900 (quae
648 838 686 891 eo
698 828 780 879 tenr-

10 906 44 969 :ri
61 897 187 1053 semper
197 897 313 986 debet)
334 895 382 968 fac
398 900 540 968 liberulis
557 898 593 968 sis
606 894 782 987 pro-'facul-

10 1011 18 1070 ¹,
48 1001 108 1052 aut
130 998 143 1052 i
162 989 301 1056 aliorum
319 984 536 1054 incurifinulla
554 982 593 1053 srt
613 983 784 1063 Collebbic,

10 1093 40 1137 en
51 1075 209 1159 privatim
220 1074 253 1136 in
267 1092 441 1161 pauperum
458 1067 598 1138 fratrum
613 1066 785 1159 subsidium

10 1152 120 1240 synam
145 1153 285 1243 seponuS,
309 1161 349 1253 ἱὅ(
363 1155 527 1254 seposrrarrr
551 1160 583 1225 in
597 1177 671 1223 euni
695 1154 786 1220 uiurn

10 1238 362 1329 neobbiviscuri5‚qu5an1
371 1241 516 1330 primuni¹
528 1238 556 1306 se
563 1243 787 1332 opportunitas

10 1330 50 1395 it.
73 1330 154 1393 Haec
169 1331 278 1399 onmia
287 1339 326 1393 eo
338 1327 452 1396 ordine
464 1324 553 1413 fiant,
564 1327 600 1394 ut
611 1327 787 1396 conniruni-

10 1433 28 1480 u
44 1415 116 1480 abiis
137 1408 354 1499 absolvantur,
385 1435 449 1497 quo
464 1417 577 1495 melius
592 1409 791 1496 sequentibus

10 1493 203 1564 strationem
238 1516 335 1567 coenae
354 1494 504 1587 precibus
534 1497 668 1586 publicis
689 1516 792 1578 vaces,

26 1577 151 1649 summi
164 1603 239 1654 cunr
254 1587 359 1649 anirni
379 1582 549 1651 devotione
567 1588 601 1648 te'
626 1577 793 1649 attendere
