2078 3646
261 59 300 126 de
311 82 357 149 te,
380 39 478 133 {Fen
495 81 522 154 5.
546 84 577 150 7.
588 59 658 131 Nifi
678 39 798 143 rationi
815 67 848 130 ἃ
860 39 1024 153 'religioni

260 155 413 217 nunciare
422 146 545 232 statuis,
554 147 594 217 ad
610 145 762 218 miserum
776 147 839 218 hoc
849 170 1005 219 curarum
1025 154 1038 218 l

258 230 484 323 neconfugias.
529 236 689 304 Praeterea
726 258 790 303 non
826 235 945 303 efficies
967 234 1026 304 hac

258 319 344 405 quod
360 325 448 408 cupis
462 340 664 408 :quanquam
674 324 761 388 enim
774 325 807 388 in
821 317 888 410 ipso
911 317 1003 390 ebrie
1026 370 1030 379 a

257 421 371 474 mento
384 425 468 472 curae
479 418 542 474 tuae
556 410 671 494 procul
684 404 868 494 abigantur,
879 403 1037 476 redibunt

255 487 418 577 magisque
432 481 586 577 efferatae,
599 494 672 558 cum
687 490 854 560 ebrietans
873 489 968 561 aestus
987 491 1029 560 de

256 569 514 645 inaufinoudum
536 578 681 644 extincta
697 574 735 646 fit
754 575 962 665 conscientia,
988 601 1034 646 no

256 674 331 730 cum
343 682 454 730 curam
469 658 643 749 adducent,
655 665 893 749 nimirumque
904 683 955 733 ex
967 685 1039 750 pec

256 746 335 818 foedi
349 763 440 818 reatu
454 743 604 816 nascitur.

495 852 526 918 7.
549 833 689 922 Quintus
711 829 842 900 bibendi
871 828 957 921 finis,
978 831 1027 901 est

256 920 383 1008 Tempus
448 915 570 1007 fallere,
591 922 646 1002 qui
669 912 740 986 finis
763 939 947 1003 quanquam
974 942 1020 986 no

247 1004 368 1094 fallere.
449 1004 547 1090 quarn
563 1008 678 1088 reliqui
692 1006 811 1072 rationi
825 1018 1001 1090 repugnat,

448 1106 558 1160 tamen
573 1087 684 1177 (quod
695 1104 810 1158 notatu
817 1085 925 1158 obiter
939 1086 1020 1176 dign

149 1174 153 1181 ’
253 1172 497 1264 probratioest:
535 1181 626 1244 Hauc
641 1178 727 1245 enim
748 1171 917 1244 molestam
932 1173 1019 1245 adei>

254 1262 338 1345 nuit,
351 1256 434 1412 gued
454 1265 511 1327 vili
538 1258 669 1328 bibendi
692 1265 902 1350 occupati-nne
929 1265 1035 1330 tener'

254 1361 351 1434 optan
376 1341 480 1413 umfit
504 1366 601 1430 quam
625 1342 744 1414 defides
763 1367 885 1434 agereq
909 1360 945 1414 at
967 1369 1033 1431 qua

253 1425 490 1500 excusationem
505 1430 587 1499 hanc
601 1425 740 1500 afferunt
748 1425 921 1522 plerique?
945 1432 1036 1521 Saepe

254 1535 382 1606 tempus
393 1531 504 1586 terunt
518 1520 550 1585 in
571 1513 721 1604 bibendo,
731 1539 795 1584 non
817 1514 950 1585 tantum
964 1521 1027 1584 cun

204 1635 209 1649 ·
256 1609 478 1654 unniieuucnnr
510 1599 559 1654 sne]
573 1606 908 1654 nriannffmneonria.
937 1598 1036 1654 ρᾶηη·
