2078 3646
105 171 158 240 20
395 150 549 265 Officium
567 163 748 239 Hominis·
770 196 774 201 ·

102 328 234 415 agmine
252 323 368 391 scelera
381 316 489 389 nostra
510 320 732 391 infestantium
754 323 886 415 stipata,
908 349 952 394 no

101 414 238 501 peccatis
249 405 363 476 nolitis
374 411 670 493 arcerenonualet3
690 421 821 476 tantum
834 407 952 483 saneah

102 510 139 564 ut
154 494 188 563 hi
201 509 346 560 metuant
373 490 576 577 Deum,qubd
591 512 662 559 eum
687 492 795 580 potitis
804 491 951 565 lacessere

103 593 291 671 provocare,
323 598 440 662 magno
461 573 537 646 licdt
556 599 629 645 cunt
647 575 693 645 sui
707 577 904 667 discrimine,
924 603 952 663 ys

105 663 274 749 videntur,
296 668 450 730 &tamen
471 677 538 730 tam
549 662 692 750 impense
703 663 860 732 nobismet
872 664 941 756 ipsis

106 773 228 837 ventus,
249 747 332 824 nuos
352 748 456 813 Deum
476 747 665 817 timentibus
680 753 826 817 vestales
848 747 879 816 se
900 758 952 818 acc'

81 886 84 893 .
105 833 197 920 sent:
220 833 376 903 infinitum
393 828 470 897 licet
479 837 692 921 peccantium,
714 836 903 923 eb'rumqne,
918 832 952 903 stt

108 918 196 1001 ribus
208 919 267 988 suis
285 914 463 1003 insanium,
485 916 728 986 multitudinem
743 924 933 1008 interroges,

109 1012 209 1074 unum
223 1002 354 1072 tandem
378 1006 527 1090 reperies,
560 1000 656 1079 ouise
682 1003 787 1071 Deum
803 1027 868 1072 non
891 1010 951 1072 tim

111 1088 274 1158 fatebitur.
319 1088 443 1152 Mirum
459 1085 503 1154 est
520 1086 603 1177 posse
615 1088 759 1156 homines
773 1086 813 1158 stc
838 1087 895 1157 sibi
908 1097 952 1156 im

112 1172 209 1243 nere!
232 1187 264 1238 at
280 1171 349 1236 Deo
359 1174 523 1266 imponere
541 1198 602 1241 non
617 1170 787 1261 possumus,
805 1197 874 1242 non
887 1179 953 1262 pati

112 1257 143 1325 se
166 1256 279 1335 illudi'⁹
311 1253 444 1337 ideoque
471 1255 526 1325 nisi
541 1256 579 1326 src
600 1262 662 1339 iam
677 1263 842 1347 timemus,
861 1264 952 1326 uttir

113 1347 166 1412 ille
192 1366 248 1411 nos
267 1338 397 1434 inducat
425 1339 464 1408 ad
486 1342 615 1411 vitanda
641 1359 788 1432 peccata,
825 1340 952 1412 timebit

113 1433 193 1498 olim
213 1425 285 1496 cir-m
309 1429 391 1492 serus
411 1429 511 1496 timor
521 1428 636 1517 passim
659 1424 806 1517 proderit
817 1427 859 1497 ad
883 1433 952 1498 vita

112 1514 278 1602 supplicia.-

401 1681 403 1685 Α
431 1617 482 1681 47.
503 1598 661 1682 Quintum
685 1612 762 1684 erga
786 1596 893 1666 Deum
919 1599 952 1665 os.

115 1680 252 1750 Fiducia.
392 1693 446 1747 um
458 1677 502 1747 est
519 1681 658 1769 Fiducia,
679 1686 700 1749 i.
715 1699 740 1749 e.
762 1687 793 1750 ei
808 1687 916 1769 inniti,
933 1688 952 1750 it

124 1830 128 1840 ,
249 1852 251 1856 .
393 1761 952 1855 acquiescere,idquecumvelinper

116 1861 155 1923 lis
169 1850 219 1921 ves
232 1853 370 1939 egestate
392 1849 566 1920 versuumn
606 1855 648 1922 Ei
661 1851 863 1921 innitendum
880 1849 952 1921 estc

117 1944 265 2028 periculis
281 1953 336 2006 aut
354 1935 566 2025 spiritualibus
585 1953 640 2004 aut
666 1934 897 2027 temporalibus
917 1959 952 2003 ve

117 2035 191 2090 ntur
207 2050 219 2108 ·,
241 2028 357 2110 prioris
371 2027 495 2107 generis
509 2020 578 2089 sunt
593 2027 785 2097 tentationes
802 2020 952 2090 omnes‘ai

394 2106 448 2173 bus
464 2111 640 2194 periculum
656 2103 702 2172 est
716 2106 761 2177 nd·
771 2114 804 2175 in
821 2124 949 2196 peccata

118 2192 309 2278 superirrisus
392 2191 547 2258 ducamur
568 2196 578 2258 ι’
607 2190 667 2258 h'ut
685 2189 702 2255 s
718 2195 803 2260 estat
831 2189 952 2280 promis

109 2273 328 2364 spiritualibus.
393 2275 484 2362 illud,
505 2277 557 2354 Tse.
595 2298 647 2362 .7.
670 2212 803 2358 Osfislit'c
829 2274 952 2344 Diaboli

390 2360 491 2449 fugiet
505 2359 527 2429 ci·
538 2301 628 2430 vostr.
652 2362 729 2430 ldeo
741 2361 850 2452 primo
864 2364 952 2430 officii

121 2446 221 2519 nostri
236 2450 298 2518 Dei
308 2451 446 2536 gratiam
457 2443 772 2535 assidud'implorare,
800 2461 838 2513 ut
852 2445 888 2514 ed
902 2469 952 2514 mu

120 2541 334 2602 tentationem
348 2529 526 2623 superemus
535 2557 551 2616 ·,·
568 2529 683 2599 deinde
697 2536 952 2602 tentationinosl

120 2615 184 2685 nui
204 2639 376 2707 opponere,
397 2621 582 2700 neutiquam
599 2614 757 2702 cedentes,
791 2625 952 2702 neutiqua

121 2697 342 2772 assentientes:
364 2709 396 2768 &
416 2718 491 2769 tunc
506 2701 637 2769 demum
653 2699 765 2771 fidenti
779 2707 887 2770 animo
900 2701 949 2792 spe

121 2785 201 2856 dum
215 2785 261 2854 est
283 2786 428 2854 divinum
449 2792 605 2856 auxilium
623 2785 712 2855 nobis
741 2810 804 2855 non
834 2785 952 2856 defutur

123 2868 195 2961 esse,
216 2869 389 2939 sed-Deum
413 2887 467 2938 aut
481 2876 692 2939 tentationem
713 2869 949 2941 subtracturum

99 3025 104 3033 .
123 2962 263 3045 gratiam
277 2961 306 3024 ei
315 2956 532 3043 expugnandae
545 2955 732 3024 sufficienter
747 2961 941 3044 largiturum

132 3084 135 3089 -
429 3039 490 3127 ·48.
505 3039 669 3128 Secundi),
689 3042 728 3110 Ei
742 3038 905 3112 fidendum
929 3044 952 3108 el

110 3121 355 3212 ,Temporalibut
398 3131 547 3214 periculis
566 3123 795 3217 temporalibus
819 3133 851 3194 8<
883 3143 952 3197 exte

397 3207 618 3282 versantibus:
658 3209 760 3302 probe
779 3227 923 3279 tenentes
947 3234 952 3271 ι

93 3294 262 3390 nospoffe
272 3298 443 3395 liberare,
461 3297 586 3389 nosque
598 3291 952 3372 renumeratoris
