2078 3646
239 160 360 231 Oratio
371 177 434 259 pro
449 176 533 254 prce
551 155 652 236 Eccse
664 184 715 238 tae.

20 321 92 380 tem
102 311 319 399 benignissime
330 311 402 396 Jesu
436 311 476 382 ne
495 313 669 383 consideres
696 332 729 384 te
739 316 925 403 quaesumusi

22 396 102 482 quid
118 403 242 466 meritis
259 392 374 466 nostris
395 365 543 484 debetur,
565 397 615 468 sed
627 403 729 489 potius
748 401 824 486 quid
840 404 918 472 mise

21 481 197 551 ricordiam
213 500 302 550 tuam
314 481 439 568 deceat,
460 481 521 551 fine
531 506 594 567 qno
608 506 666 552 nec
680 486 796 573 Angeii
807 493 840 556 in
852 491 924 558 Coe·

23 567 62 636 lis
82 565 167 636 stare
191 568 306 655 possint
326 566 437 651 securi,
458 584 576 652 quanto
599 574 703 638 minus
723 595 778 640 nos
804 570 874 643 vasa
887 595 928 645 ex

23 656 96 719 luto
106 651 404 739 contemptiffima?
425 652 581 721 Miserere
595 648 696 723 nostri
712 654 916 743 Redemptor

22 743 78 820 nui
91 733 184 805 facite
199 736 364 825 placabilis
385 760 429 822 es,
450 761 513 805 non
548 736 613 808 uod
642 738 861 812 misericordia
875 709 931 814 tud

21 821 115 909 digni
130 819 235 909 stmuS,
257 820 306 889 sed
323 823 457 889 Nomini
468 838 526 890 tuo
562 846 600 892 oc
611 821 688 890 dato
713 830 851 914 gloriam
867 850 876 897 t
891 824 933 900 n&

20 911 157 992 patiaris
167 922 203 974 ut
213 912 267 991 qui
280 923 313 972 te
325 910 376 974 vei
398 906 548 996 nesciant,
568 911 620 975 vei
634 913 746 996 gioriae
771 928 836 982 tuae
851 917 931 982 invi·

18 991 135 1077 deant,
167 990 207 1058 de
232 988 321 1060 nobis
346 991 499 1061 contiuuo
527 991 782 1084 triumphent&
809 993 932 1086 dicant,

18 1073 80 1145 ubi
94 1097 176 1145 nunc
197 1077 281 1144 Deus
304 1099 429 1161 eorum,
452 1074 508 1144 ubi
530 1075 746 1168 Redemptor,
766 1078 821 1148 ubi
831 1083 935 1151 Salva·

17 1176 93 1248 tor,
115 1159 171 1229 ubi
186 1159 317 1247 Sponsus
331 1184 457 1248 eorum,
468 1159 508 1231 de
521 1182 584 1247 quo
594 1166 689 1231 toties
700 1169 833 1253 gloriati
840 1164 930 1239 sunt!

16 1253 98 1315 inte
118 1247 256 1313 Domine
279 1244 459 1314 redundant
488 1244 753 1402 haecopprobria,
775 1249 852 1318 dum
872 1248 931 1320 bo·

15 1337 159 1400 nitatem
181 1348 269 1414 tuam
284 1351 323 1398 ex
331 1336 424 1398 masis
436 1329 550 1401 nostris
569 1355 596 1401 ae
626 1336 728 1401 imant
760 1333 929 1405 homines:

16 1417 93 1486 Nos
105 1413 276 1484 deterritos
288 1412 436 1502 sentiunt,
457 1439 536 1500 quos
560 1440 624 1488 non
651 1417 761 1488 vident
778 1419 931 1490 emenda-

18 1517 93 1570 tos:
116 1500 165 1567 Te
175 1505 268 1587 olim,
290 1505 321 1568 in
333 1505 463 1586 navigio
475 1499 706 1591 dormientem,
727 1501 801 1576 crim
815 1523 930 1577 exorta

20 1582 197 1675 tempestas
211 1601 350 1653 mortem
371 1586 590 1674 navigantibus
613 1594 796 1675 intentavit,
816 1611 930 1680 pauco

19 1692 99 1741 rum
126 1670 355 1759 discipulorum
378 1675 500 1738 clamor
524 1668 763 1823 experfesacit,
784 1678 814 1740 δι
831 1673 939 1744 verbo

20 1757 308 1844 tuoomnipot'enti
322 1760 470 1845 increpiti
492 1754 606 1824 finnus
626 1755 825 1846 obsiderunt,
840 1765 928 1828 venti
947 1844 950 1849 ἡ

20 1845 270 1928 conticuerunt,
285 1844 315 1905 dc
344 1855 475 1928 repente
498 1845 530 1908 in
558 1845 766 1925 tranquillum
781 1843 928 1914 conversa

20 1922 71 1995 est
85 1929 235 2012 procella,
258 1932 387 2010 &aqua
401 1921 501 1992 surdae
518 1925 596 2006 licit
613 1924 786 1995 conditoris
817 1949 929 1999 vocem

19 2009 206 2082 noverunt:
230 2011 354 2094 Saevior‘
371 2010 508 2076 Domine
532 2009 695 2079 incruduit
731 2014 793 2093 iam
808 2016 928 2104 tempe·

18 2093 100 2181 stas,
133 2093 195 2180 qud
218 2119 280 2162 non
304 2116 485 2188 paucorum
504 2118 651 2186 corpora,
681 2093 732 2163 sed
753 2102 928 2172 innumere
952 2169 954 2174 .

21 2186 141 2249 anima
156 2184 570 2269 periclituntur,quaiuinus
580 2198 612 2249 te
624 2197 660 2248 ut
674 2184 925 2252 clamoreEccle·

22 2263 404 2354 staetuaepenedemersae
418 2263 665 2352 expergiscaris:
688 2283 739 2333 tot
748 2270 850 2339 millia
871 2267 926 2337 ho

21 2356 151 2419 mimum
166 2355 353 2435 inclamant,
376 2352 504 2423 Donn'ne
516 2349 688 2441 servants,
704 2357 848 2442 perimus,
870 2377 927 2422 nec

23 2433 114 2503 cedit
127 2431 274 2522 potestati
289 2451 343 2500 aut
367 2448 436 2501 arte
461 2432 607 2502 humanae
621 2451 686 2501 tem
713 2433 791 2504 estas
816 2437 925 2504 tuosn-

22 2517 98 2590 lum
121 2519 220 2606 uerbo
242 2516 393 2606 pacanda,
430 2519 567 2587 Domine
587 2518 660 2605 Jesu
683 2457 769 2589 dicas
795 2521 925 2591 tantum
1020 2551 1023 2557 ²

24 2602 223 2693 tempestati,
246 2606 316 2688 Sile,
339 2599 512 2690 odrntrtrsrc,
546 2605 585 2672 Θ
609 2607 716 2676 statim
737 2607 796 2681 fiet
824 2627 928 2692 optata

25 2691 249 2772 tranquillitas:
272 2690 325 2755 Tu
347 2690 486 2754 Domine
507 2684 689 2776 pepercisses
710 2705 760 2757 tot
787 2689 927 2760 millibus

26 2779 203 2863 impiorum
225 2771 288 2840 siin
312 2770 442 2839 Sodomis
465 2776 585 2840 inventi
609 2769 728 2844 fuiffint
750 2780 800 2842 vel
815 2775 925 2845 decem

25 2857 128 2946 boni,
141 2863 172 2924 in
192 2860 331 2926 Domine
343 2862 446 2940 muita
462 2855 630 2924 hominum
658 2862 758 2927 miliia
778 2866 926 2949 quaegio·

28 2955 86 3016 riae
100 2948 292 3024 noministui
305 2941 444 3033 student,
472 2964 544 3030 quae
556 2965 629 3010 cum
652 2949 776 3030 gemitu
794 2951 824 3012 ἃ
835 2941 923 3034 suspi-

28 3037 79 3100 rio
89 3038 227 3096 ‹nuntut
241 3033 326 3095 nitur
341 3026 408 3093 situs
423 3044 479 3093 tuo
496 3028 628 3114 semplo
641 3028 808 3117 reddatur,
835 3030 924 3098 &ad-

29 3118 90 3184 huc
104 3114 218 3180 horum
232 3110 479 3202 precibus'iiesti
498 3118 618 3199 nequis,
649 3134 705 3179 nec
728 3129 872 3183 veterum
895 3125 927 3183 iic

28 3199 248 3268 consuetarum
261 3195 550 3264 misericordiarum
564 3195 750 3266 recordaria
797 3200 846 3266 An
863 3223 928 3267 non

21 3281 142 3352 roeiessi
154 3298 204 3350 tut
212 3281 386 3376 prudentii
396 3279 575 3374 siuititiattt
589 3279 741 3377 undrim
749 3288 789 3354 'in
801 3287 953 3426 eicerent

44 3379 177 3394 .,,
916 3380 955 3420 χχ.
